
@book{chambers2017,
  title={Extending R},
  author={Chambers, John M},
  year={2017},
  publisher={Chapman and Hall/CRC}
}

@Manual{citeR,
  title = {R: A Language and Environment for Statistical Computing},
  author = {{R Core Team}},
  organization = {R Foundation for Statistical Computing},
  address = {Vienna, Austria},
  year = {2020},
  url = {https://www.R-project.org/},
}
  
@book{xie2020r,
  title={R Markdown Cookbook},
  author={Xie, Yihui and Dervieux, Christophe and Riederer, Emily},
  year={2020},
  publisher={CRC Press}
}

@book{wickham2016r,
  title={R for data science: import, tidy, transform, visualize, and model data},
  author={Wickham, Hadley and Grolemund, Garrett},
  year={2016},
  publisher={" O'Reilly Media, Inc."}
}

@book{james2013introduction,
  title={An introduction to statistical learning},
  author={James, Gareth and Witten, Daniela and Hastie, Trevor and Tibshirani, Robert},
  volume={112},
  year={2013},
  publisher={Springer}
}

@book{cryer2008time,
  title={Time series analysis: with applications in R},
  author={Cryer, Jonathan D and Chan, Kung-Sik},
  year={2008},
  publisher={Springer Science \& Business Media}
}

@inproceedings{mckinney2010data,
  title={Data structures for statistical computing in python},
  author={McKinney, Wes and others},
  booktitle={Proceedings of the 9th Python in Science Conference},
  volume={445},
  pages={51--56},
  year={2010},
  organization={Austin, TX}
} 

@misc{coqueret2021machine,
  title={Machine Learning in Finance: From Theory to Practice: by Matthew F. Dixon, Igor Halperin, and Paul Bilokon, Springer (2020). ISBN 978-3-030-41067-4. Paperback.},
  author={Coqueret, Guillaume},
  year={2021},
  publisher={Taylor \& Francis}
}